% Penser à utiliser la fonction de Google Scholar "Citer" et ensite choisir BibTeX

@article{Debauche2021,
  doi = {10.1016/j.jksuci.2021.09.015},
  url = {https://doi.org/10.1016/j.jksuci.2021.09.015},
  year = {2021},
  month = oct,
  publisher = {Elsevier {BV}},
  author = {Olivier Debauche and Saïd Mahmoudi and Pierre Manneback and Fédéric Lebeau},
  title = {Cloud and distributed architectures for data management in agriculture 4.0 : Review and future trends},
  journal = {Journal of King Saud University - Computer and Information Sciences}
}